@article{ashton1989thin,
  title={Thin ice growth},
  author={Ashton, George D},
  journal={Water Resources Research},
  volume={25},
  number={3},
  pages={564--566},
  year={1989},
  publisher={Wiley Online Library}
}
